@inproceedings{Pang:2005:SSE:1219840.1219855,
 author = {Pang, Bo and Lee, Lillian},
 title = {Seeing Stars: Exploiting Class Relationships for Sentiment Categorization with Respect to Rating Scales},
 booktitle = {Proceedings of the 43rd Annual Meeting on Association for Computational Linguistics},
 series = {ACL '05},
 year = {2005},
 location = {Ann Arbor, Michigan},
 pages = {115--124},
 numpages = {10},
 url = {http://dx.doi.org/10.3115/1219840.1219855},
 doi = {10.3115/1219840.1219855},
 acmid = {1219855},
 publisher = {Association for Computational Linguistics},
 address = {Stroudsburg, PA, USA}
} 

@ARTICLE{Charul,
	AUTHOR = {Charul Saxena},
	TITLE = {Enhancing Productivity of Recruitment Process Using Data mining and Text Mining Tools},
	YEAR = {2011}
}

@online{Pivotal,
	AUTHOR = "Jarrod Vawdrey",
	TITLE = "Using Data Science to Predict TV Viewer Behavior and Formulate a Hit TV Show",
	url = "https://blog.pivotal.io/data-science-pivotal/case-studies/using-data-science-to-predict-tv-viewer-behavior-and-formulate-a-hit-tv-show",
	year = 2015,
	urldate= "6 May 2016"
}

@ARTICLE{bowman:reasoning,
	AUTHOR = "Mic Bowman and Saumya K. Debray and Larry L. Peterson",
	TITLE = "Reasoning About Naming Systems",
	JOURNAL = "ACM Trans. Program. Lang. Syst.",
	VOLUME = {15},
	NUMBER = {5},
	PAGES = {795-825},
	MONTH = "November",
	YEAR = {1993}	}
	


@ARTICLE{braams:babel,
	AUTHOR = "Johannes Braams",
	TITLE = "Babel, a Multilingual Style-Option System for Use with LaTeX's Standard Document Styles",
	JOURNAL = {TUGboat},
	VOLUME = {12},
	NUMBER = {2},
	PAGES = {291-301},
	MONTH = "June",
	YEAR = {1991}	}

@INPROCEEDINGS{clark:pct,
	AUTHOR = "Malcolm Clark",
	TITLE = "Post Congress Tristesse",
	BOOKTITLE = "TeX90 Conference Proceedings",
	PAGES = "84-89",
	ORGANIZATION = "TeX Users Group",
	MONTH = "March", 
	YEAR = {1991}	}

@ARTICLE{herlihy:methodology,
	AUTHOR = "Maurice Herlihy",
	TITLE = "A Methodology for Implementing Highly Concurrent
	Data Objects",
	JOURNAL = {ACM Trans. Program. Lang. Syst.},
	VOLUME = {15},
	NUMBER = {5},
	PAGES = {745-770},
	MONTH = "November",
	YEAR = {1993}	}

@BOOK{Lamport:LaTeX,
	AUTHOR = "Leslie Lamport",
	TITLE = "LaTeX User's Guide and Document Reference Manual",
	PUBLISHER = "Addison-Wesley Publishing Company",
	ADDRESS = "Reading, Massachusetts",
	YEAR = "1986"	}

@BOOK{salas:calculus,
	AUTHOR = "S.L. Salas and Einar Hille",
	TITLE = "Calculus: One and Several Variable",
	PUBLISHER = "John Wiley and Sons",
	ADDRESS = "New York",
	YEAR = "1978"	}






